@inproceedings{diefenbach2017trill,
  title={Trill: A reusable front-end for qa systems},
  author={Diefenbach, Dennis and Amjad, Shanzay and Both, Andreas and Singh, Kamal and Maret, Pierre},
  booktitle={European Semantic Web Conference},
  pages={48--53},
  year={2017},
  organization={Springer}
}